%%
%% Arquivo de referências bibliográficas.
%%

% Source: http://www.igi-global.com/reference/details.asp?id=33232
@incollection{souza-et-al:iism08,
 title = {{Designing Web Information Systems for a Framework-based Construction}},
 author = {Souza, V\'{\i}tor E. S. and Falbo, Ricardo A. and Guizzardi, Giancarlo},
 booktitle = {Innovations in Information Systems Modeling: Methods and Best Practices},
 chapter = {11},
 edition = {1},
 editor = {Halpin, Terry and Proper, Eric and Krogstie, John},
 pages = {203--237},
 publisher = {IGI Global},
 year = {2008}
}

% Source: http://link.springer.com/chapter/10.1007/978-3-642-35813-5_6
@incollection{souza-et-al:sesas13,
 title = {{Awareness Requirements}},
 author = {Souza, V\'{\i}tor E. S. and Lapouchnian, Alexei and Robinson, William N. and Mylopoulos, John},
 booktitle = {Software Engineering for Self-Adaptive Systems II},
 editor = {Lemos, Rog\'{e}rio and Giese, Holger and M\"{u}ller, Hausi A. and Shaw, Mary},
 pages = {133--161},
 publisher = {Springer},
 series = {Lecture Notes in Computer Science},
 volume = {7475},
 year = {2013}
}

% Source: http://link.springer.com/10.1007/s00450-012-0232-2
@article{souza-et-al:csrd13,
 title = {{Requirements-driven software evolution}},
 author = {Souza, V\'{\i}tor E. Silva and Lapouchnian, Alexei and Angelopoulos, Konstantinos and Mylopoulos, John},
 journal = {Computer Science - Research and Development},
 number = {4},
 pages = {311--329},
 publisher = {Springer},
 volume = {28},
 year = {2013}
}

% Source: http://dx.doi.org/10.1002/spe.2245
@article{souza-mylopoulos:spe13,
 title = {{Designing an adaptive computer-aided ambulance dispatch system with Zanshin: an experience report}},
 author = {Souza, V\'{\i}tor E. Silva and Mylopoulos, John},
 editor = {Wellings, Andy},
 journal = {Software: Practice and Experience (online first: http://dx.doi.org/10.1002/spe.2245)},
 publisher = {Wiley},
 year = {2013}
}

@article{xu2022fault,
  title={A Fault Diagnosis Model for Tennessee Eastman Processes Based on Feature Selection and Probabilistic Neural Network},
  author={Xu, Haoxiang and Ren, Tongyao and Mo, Zhuangda and Yang, Xiaohui},
  journal={Applied Sciences},
  volume={12},
  number={17},
  pages={8868},
  year={2022},
  publisher={MDPI}
}

@article{downs1993plant,
  title={A plant-wide industrial process control problem},
  author={Downs, James J and Vogel, Ernest F},
  journal={Computers \& chemical engineering},
  volume={17},
  number={3},
  pages={245--255},
  year={1993},
  publisher={Elsevier}
}

@article{lundberg2017unified,
  title={A unified approach to interpreting model predictions},
  author={Lundberg, Scott M and Lee, Su-In},
  journal={Advances in neural information processing systems},
  volume={30},
  year={2017}
}

@article{guyon2002mach,
  title={Mach Learn 46: 389. doi: 10.1023},
  author={Guyon, I and Weston, J and Barnhill, S and Vapnik, V},
  journal={A: 1012487302797},
  year={2002}
}

@Book{breiman1984classification,
  Title                    = {Classification and Regression Trees},
  Author                   = {Breiman, L. and Friedman, J. and Stone, C.J. and Olshen, R.A.},
  Publisher                = {Taylor \& Francis},
  Year                     = {1984},
  Series                   = {The Wadsworth and Brooks-Cole statistics-probability series},
  ISBN                     = {9780412048418},
  Lccn                     = {83019708}
}

@article{vergara2014vergara,
  title={Vergara JR, Est{\'e}vez PA},
  author={Vergara, Est{\'e}vez},
  journal={A review of feature selection methods based on mutual information, Neural Computing and Applications},
  volume={24},
  number={1},
  pages={175--186},
  year={2014}
}

@inproceedings{doan2020designing,
  title={Designing a feature selection technique for analyzing mixed data},
  author={Doan, Duc Manh and Jeong, Dong Hyun and Ji, Soo-Yeon},
  booktitle={2020 10th Annual Computing and Communication Workshop and Conference (CCWC)},
  pages={0046--0052},
  year={2020},
  organization={IEEE}
}

@inproceedings{campbell2018differentially,
  title={Differentially private ANOVA testing},
  author={Campbell, Zachary and Bray, Andrew and Ritz, Anna and Groce, Adam},
  booktitle={2018 1st International Conference on Data Intelligence and Security (ICDIS)},
  pages={281--285},
  year={2018},
  organization={IEEE}
}

@article{kraskov2011erratum,
  title={Erratum: estimating mutual information [Phys. Rev. E 69, 066138 (2004)]},
  author={Kraskov, Alexander and St{\"o}gbauer, Harald and Grassberger, Peter},
  journal={Physical Review E},
  volume={83},
  number={1},
  pages={019903},
  year={2011},
  publisher={APS}
}

@phdthesis{oyeleye1989qualitative,
  title={Qualitative modeling of continuous chemical processes and applications to fault diagnosis},
  author={Oyeleye, Olayiwola Oluwemimo},
  year={1989},
  school={Massachusetts Institute of Technology}
}

@phdthesis{finch1989automated,
  title={Automated fault diagnosis of chemical process plants using model-based reasoning},
  author={Finch, Francis Eric},
  year={1989},
  school={Massachusetts Institute of Technology}
}

@article{myles2004introduction,
  title={An introduction to decision tree modeling},
  author={Myles, Anthony J and Feudale, Robert N and Liu, Yang and Woody, Nathaniel A and Brown, Steven D},
  journal={Journal of Chemometrics: A Journal of the Chemometrics Society},
  volume={18},
  number={6},
  pages={275--285},
  year={2004},
  publisher={Wiley Online Library}
}

@article{pereira2009machine,
  title={Machine learning classifiers and fMRI: a tutorial overview},
  author={Pereira, Francisco and Mitchell, Tom and Botvinick, Matthew},
  journal={Neuroimage},
  volume={45},
  number={1},
  pages={S199--S209},
  year={2009},
  publisher={Elsevier}
}

@article{pal2005random,
  title={Random forest classifier for remote sensing classification},
  author={Pal, Mahesh},
  journal={International journal of remote sensing},
  volume={26},
  number={1},
  pages={217--222},
  year={2005},
  publisher={Taylor \& Francis}
}

@article{zhang2018hybrid,
  title={A hybrid MLP-CNN classifier for very fine resolution remotely sensed image classification},
  author={Zhang, Ce and Pan, Xin and Li, Huapeng and Gardiner, Andy and Sargent, Isabel and Hare, Jonathon and Atkinson, Peter M},
  journal={ISPRS Journal of Photogrammetry and Remote Sensing},
  volume={140},
  pages={133--144},
  year={2018},
  publisher={Elsevier}
}

@article{wang2016wind,
  title={Wind turbine gearbox failure identification with deep neural networks},
  author={Wang, Long and Zhang, Zijun and Long, Huan and Xu, Jia and Liu, Ruihua},
  journal={IEEE Transactions on Industrial Informatics},
  volume={13},
  number={3},
  pages={1360--1368},
  year={2016},
  publisher={IEEE}
}

@article{neupane2020bearing,
  title={Bearing fault detection and diagnosis using case western reserve university dataset with deep learning approaches: A review},
  author={Neupane, Dhiraj and Seok, Jongwon},
  journal={IEEE Access},
  volume={8},
  pages={93155--93178},
  year={2020},
  publisher={IEEE}
}

@article{saufi2019challenges,
  title={Challenges and opportunities of deep learning models for machinery fault detection and diagnosis: A review},
  author={Saufi, Syahril Ramadhan and Ahmad, Zair Asrar Bin and Leong, Mohd Salman and Lim, Meng Hee},
  journal={Ieee Access},
  volume={7},
  pages={122644--122662},
  year={2019},
  publisher={IEEE}
}

@article{ayodele2010types,
  title={Types of machine learning algorithms},
  author={Ayodele, Taiwo Oladipupo},
  journal={New advances in machine learning},
  volume={3},
  pages={19--48},
  year={2010},
  publisher={IntechOpen Rijeka}
}

@inproceedings{ray2019quick,
  title={A quick review of machine learning algorithms},
  author={Ray, Susmita},
  booktitle={2019 International conference on machine learning, big data, cloud and parallel computing (COMITCon)},
  pages={35--39},
  year={2019},
  organization={IEEE}
}

@book{mohammed2016machine,
  title={Machine learning: algorithms and applications},
  author={Mohammed, Mohssen and Khan, Muhammad Badruddin and Bashier, Eihab Bashier Mohammed},
  year={2016},
  publisher={Crc Press}
}

@article{pawara2020one,
  title={One-vs-One classification for deep neural networks},
  author={Pawara, Pornntiwa and Okafor, Emmanuel and Groefsema, Marc and He, Sheng and Schomaker, Lambert RB and Wiering, Marco A},
  journal={Pattern Recognition},
  volume={108},
  pages={107528},
  year={2020},
  publisher={Elsevier}
}

@article{zhang2019multi,
  title={Multi-imbalance: An open-source software for multi-class imbalance learning},
  author={Zhang, Chongsheng and Bi, Jingjun and Xu, Shixin and Ramentol, Enislay and Fan, Gaojuan and Qiao, Baojun and Fujita, Hamido},
  journal={Knowledge-Based Systems},
  volume={174},
  pages={137--143},
  year={2019},
  publisher={Elsevier}
}

@article{elkano2016fuzzy,
  title={Fuzzy rule-based classification systems for multi-class problems using binary decomposition strategies: on the influence of n-dimensional overlap functions in the fuzzy reasoning method},
  author={Elkano, Mikel and Galar, Mikel and Sanz, Jose and Bustince, Humberto},
  journal={Information Sciences},
  volume={332},
  pages={94--114},
  year={2016},
  publisher={Elsevier}
}

@article{li2020multiclass,
  title={Multiclass imbalanced learning with one-versus-one decomposition and spectral clustering},
  author={Li, Qianmu and Song, Yanjun and Zhang, Jing and Sheng, Victor S},
  journal={Expert Systems with Applications},
  volume={147},
  pages={113152},
  year={2020},
  publisher={Elsevier}
}

@article{granitto2006recursive,
  title={Recursive feature elimination with random forest for PTR-MS analysis of agroindustrial products},
  author={Granitto, Pablo M and Furlanello, Cesare and Biasioli, Franco and Gasperi, Flavia},
  journal={Chemometrics and intelligent laboratory systems},
  volume={83},
  number={2},
  pages={83--90},
  year={2006},
  publisher={Elsevier}
}

@article{shao2017new,
  title={A new electricity price prediction strategy using mutual information-based SVM-RFE classification},
  author={Shao, Zhen and Yang, ShanLin and Gao, Fei and Zhou, KaiLe and Lin, Peng},
  journal={Renewable and Sustainable Energy Reviews},
  volume={70},
  pages={330--341},
  year={2017},
  publisher={Elsevier}
}

@article{richhariya2020diagnosis,
  title={Diagnosis of Alzheimer's disease using universum support vector machine based recursive feature elimination (USVM-RFE)},
  author={Richhariya, Bharat and Tanveer, Muhammad and Rashid, Ashraf Haroon and Alzheimer’s Disease Neuroimaging Initiative and others},
  journal={Biomedical Signal Processing and Control},
  volume={59},
  pages={101903},
  year={2020},
  publisher={Elsevier}
}

@article{zhou2021landslide,
  title={Landslide susceptibility mapping using hybrid random forest with GeoDetector and RFE for factor optimization},
  author={Zhou, Xinzhi and Wen, Haijia and Zhang, Yalan and Xu, Jiahui and Zhang, Wengang},
  journal={Geoscience Frontiers},
  volume={12},
  number={5},
  pages={101211},
  year={2021},
  publisher={Elsevier}
}

@article{breiman2001random,
  title={Random forests machine learning [J]},
  author={Breiman, Leo and Cutler, RA},
  journal={journal of clinical microbiology},
  volume={2},
  pages={199--228},
  year={2001}
}

@article{fonti2017feature,
  title={Feature selection using lasso},
  author={Fonti, Valeria and Belitser, Eduard},
  journal={VU Amsterdam research paper in business analytics},
  volume={30},
  pages={1--25},
  year={2017},
  publisher={Business Analytics Master Amsterdam, The Netherland}
}

@inproceedings{chen2007enhanced,
  title={Enhanced recursive feature elimination},
  author={Chen, Xue-wen and Jeong, Jong Cheol},
  booktitle={Sixth international conference on machine learning and applications (ICMLA 2007)},
  pages={429--435},
  year={2007},
  organization={IEEE}
}

@article{tourassi2001application,
  title={Application of the mutual information criterion for feature selection in computer-aided diagnosis},
  author={Tourassi, Georgia D and Frederick, Erik D and Markey, Mia K and Floyd Jr, Carey E},
  journal={Medical physics},
  volume={28},
  number={12},
  pages={2394--2402},
  year={2001},
  publisher={Wiley Online Library}
}

@article{verron2008fault,
  title={Fault detection and identification with a new feature selection based on mutual information},
  author={Verron, Sylvain and Tiplica, Teodor and Kobi, Abdessamad},
  journal={Journal of Process Control},
  volume={18},
  number={5},
  pages={479--490},
  year={2008},
  publisher={Elsevier}
}

@article{amiri2011mutual,
  title={Mutual information-based feature selection for intrusion detection systems},
  author={Amiri, Fatemeh and Yousefi, MohammadMahdi Rezaei and Lucas, Caro and Shakery, Azadeh and Yazdani, Nasser},
  journal={Journal of Network and Computer Applications},
  volume={34},
  number={4},
  pages={1184--1199},
  year={2011},
  publisher={Elsevier}
}

@inproceedings{shams2007speeding,
  title={Speeding up mutual information computation using NVIDIA CUDA hardware},
  author={Shams, Ramtin and Barnes, Nick},
  booktitle={9th Biennial Conference of the Australian Pattern Recognition Society on Digital Image Computing Techniques and Applications (DICTA 2007)},
  pages={555--560},
  year={2007},
  organization={IEEE}
}

@article{bao2008evaluation,
  title={Evaluation criteria based on mutual information for classifications including rejected class},
  author={Bao-Gang, HU and Yong, Wang},
  journal={Acta Automatica Sinica},
  volume={34},
  number={11},
  pages={1396--1403},
  year={2008},
  publisher={Elsevier}
}

@article{ding2014identification,
  title={Identification of bacteriophage virion proteins by the ANOVA feature selection and analysis},
  author={Ding, Hui and Feng, Peng-Mian and Chen, Wei and Lin, Hao},
  journal={Molecular BioSystems},
  volume={10},
  number={8},
  pages={2229--2235},
  year={2014},
  publisher={Royal Society of Chemistry}
}

@article{sheikhan2013modular,
  title={Modular neural-SVM scheme for speech emotion recognition using ANOVA feature selection method},
  author={Sheikhan, Mansour and Bejani, Mahdi and Gharavian, Davood},
  journal={Neural Computing and Applications},
  volume={23},
  pages={215--227},
  year={2013},
  publisher={Springer}
}

@article{elssied2014novel,
  title={A novel feature selection based on one-way anova f-test for e-mail spam classification},
  author={Elssied, Nadir Omer Fadl and Ibrahim, Othman and Osman, Ahmed Hamza},
  journal={Research Journal of Applied Sciences, Engineering and Technology},
  volume={7},
  number={3},
  pages={625--638},
  year={2014},
  publisher={Maxwell Scientific Publications}
}

@book{brynjolfsson2011race,
  title={Race against the machine: How the digital revolution is accelerating innovation, driving productivity, and irreversibly transforming employment and the economy},
  author={Brynjolfsson, Erik and McAfee, Andrew},
  year={2011},
  publisher={Brynjolfsson and McAfee}
}

@article{garcia2010time,
  title={Time series methods applied to failure prediction and detection},
  author={Garc{\'\i}a, Fausto P and Pedregal, Diego J and Roberts, Clive},
  journal={Reliability Engineering \& System Safety},
  volume={95},
  number={6},
  pages={698--703},
  year={2010},
  publisher={Elsevier}
}

@article{karabulut2012comparative,
  title={A comparative study on the effect of feature selection on classification accuracy},
  author={Karabulut, Esra Mahsereci and {\"O}zel, Selma Ay{\c{s}}e and Ibrikci, Turgay},
  journal={Procedia Technology},
  volume={1},
  pages={323--327},
  year={2012},
  publisher={Elsevier}
}

@article{brito2022explainable,
  title={An explainable artificial intelligence approach for unsupervised fault detection and diagnosis in rotating machinery},
  author={Brito, Lucas C and Susto, Gian Antonio and Brito, Jorge N and Duarte, Marcus AV},
  journal={Mechanical Systems and Signal Processing},
  volume={163},
  pages={108105},
  year={2022},
  publisher={Elsevier}
}

@article{utama2023explainable,
  title={Explainable artificial intelligence for photovoltaic fault detection: A comparison of instruments},
  author={Utama, Christian and Meske, Christian and Schneider, Johannes and Schlatmann, Rutger and Ulbrich, Carolin},
  journal={Solar Energy},
  volume={249},
  pages={139--151},
  year={2023},
  publisher={Elsevier}
}

@article{reppa2011fault,
  title={Fault detection and diagnosis based on parameter set estimation},
  author={Reppa, V and Tzes, A},
  journal={IET control theory \& applications},
  volume={5},
  number={1},
  pages={69--83},
  year={2011},
  publisher={IET}
}